<record><leader>00000cas a22000007a 4500</leader><controlfield tag="001">24498341</controlfield><controlfield tag="008">911004d195u195unhuuu ne      0    0eng d</controlfield><datafield ind1=" " ind2=" " tag="010"><subfield code="a">sn 91063238 </subfield></datafield><datafield ind1=" " ind2=" " tag="040"><subfield code="a">NVH</subfield><subfield code="b">eng</subfield><subfield code="c">NVH</subfield><subfield code="d">OCLCQ</subfield></datafield><datafield ind1=" " ind2=" " tag="042"><subfield code="a">msc</subfield></datafield><datafield ind1="0" ind2=" " tag="130"><subfield code="a">Shopper news (Goffstown, N.H.)</subfield></datafield><datafield ind1="1" ind2="0" tag="245"><subfield code="a">Shopper news.</subfield></datafield><datafield ind1=" " ind2=" " tag="260"><subfield code="a">Goffstown, N.H. :</subfield><subfield code="b">Mulberry Press</subfield></datafield><datafield ind1=" " ind2=" " tag="300"><subfield code="a">v.</subfield></datafield><datafield ind1="0" ind2=" " tag="362"><subfield code="a">Vol. 1, no. 1.</subfield></datafield><datafield ind1=" " ind2=" " tag="500"><subfield code="a">Only one undated issue published ca. 1950.</subfield></datafield><datafield ind1=" " ind2=" " tag="752"><subfield code="a">United States</subfield><subfield code="b">New Hampshire</subfield><subfield code="c">Hillsborough</subfield><subfield code="d">Goffstown.</subfield></datafield></record>